<record><leader>00000cas a2200000 a 4500</leader><controlfield tag="001">12487890</controlfield><controlfield tag="008">850904c19319999ksuwr ne      0    0eng d</controlfield><datafield ind1=" " ind2=" " tag="010"><subfield code="a">sn 85029595 </subfield></datafield><datafield ind1=" " ind2=" " tag="040"><subfield code="a">KSH</subfield><subfield code="b">eng</subfield><subfield code="c">KSH</subfield><subfield code="d">NPT</subfield><subfield code="d">OCL</subfield><subfield code="d">OCLCQ</subfield></datafield><datafield ind1=" " ind2=" " tag="042"><subfield code="a">msc</subfield></datafield><datafield ind1="0" ind2=" " tag="130"><subfield code="a">Rooks County record (Stockton, Kan. : 1931)</subfield></datafield><datafield ind1="1" ind2="0" tag="245"><subfield code="a">Rooks County record.</subfield></datafield><datafield ind1=" " ind2=" " tag="260"><subfield code="a">Stockton, Kan. :</subfield><subfield code="b">C.W. Hamilton,</subfield><subfield code="c">1931-</subfield></datafield><datafield ind1=" " ind2=" " tag="300"><subfield code="a">v. :</subfield><subfield code="b">ill. ;</subfield><subfield code="c">54 cm.</subfield></datafield><datafield ind1=" " ind2=" " tag="310"><subfield code="a">Weekly</subfield></datafield><datafield ind1="0" ind2=" " tag="362"><subfield code="a">52nd year, no. 15 (Apr. 9, 1931)-</subfield></datafield><datafield ind1=" " ind2=" " tag="500"><subfield code="a">Publisher varies.</subfield></datafield><datafield ind1=" " ind2=" " tag="500"><subfield code="a">"Republican."</subfield></datafield><datafield ind1=" " ind2=" " tag="752"><subfield code="a">United States</subfield><subfield code="b">Kansas</subfield><subfield code="c">Rooks</subfield><subfield code="d">Stockton.</subfield></datafield><datafield ind1="0" ind2="0" tag="780"><subfield code="t">Stockton review and Rooks County record</subfield><subfield code="w">(DLC)sn 85029583</subfield></datafield><datafield ind1="0" ind2="5" tag="780"><subfield code="t">Woodston argus</subfield><subfield code="g">Jan. 6, 1938</subfield><subfield code="w">(DLC)sn 85029593</subfield></datafield><datafield ind1="1" ind2=" " tag="029"><subfield code="a">AU@</subfield><subfield code="b">000022171903</subfield></datafield></record>